<record><leader>00000cas a2200000 a 4500</leader><controlfield tag="001">12273337</controlfield><controlfield tag="008">850717d185618uumiuwr ne      0    0eng c</controlfield><datafield ind1=" " ind2=" " tag="010"><subfield code="a">sn 85033808 </subfield></datafield><datafield ind1=" " ind2=" " tag="040"><subfield code="a">NPU</subfield><subfield code="b">eng</subfield><subfield code="c">NPU</subfield><subfield code="d">NPX</subfield><subfield code="d">MHN</subfield><subfield code="d">OCL</subfield><subfield code="d">OCLCQ</subfield><subfield code="d">OCLCF</subfield><subfield code="d">OCLCO</subfield></datafield><datafield ind1="1" ind2=" " tag="029"><subfield code="a">AU@</subfield><subfield code="b">000020383525</subfield></datafield><datafield ind1=" " ind2=" " tag="042"><subfield code="a">pcc</subfield></datafield><datafield ind1=" " ind2=" " tag="043"><subfield code="a">n-us-mi</subfield></datafield><datafield ind1="0" ind2=" " tag="130"><subfield code="a">St. John's Democrat (Saint John's, Mich. : 1856)</subfield></datafield><datafield ind1="1" ind2="0" tag="245"><subfield code="a">St. John's Democrat.</subfield></datafield><datafield ind1="3" ind2=" " tag="246"><subfield code="a">Saint John's Democrat</subfield></datafield><datafield ind1=" " ind2=" " tag="260"><subfield code="a">St. Johns, Mich. :</subfield><subfield code="b">John Ransom</subfield></datafield><datafield ind1=" " ind2=" " tag="300"><subfield code="a">v. ;</subfield><subfield code="c">56 cm.</subfield></datafield><datafield ind1=" " ind2=" " tag="310"><subfield code="a">Weekly</subfield></datafield><datafield ind1="0" ind2=" " tag="362"><subfield code="a">Vol. 1, no. 1 (Dec. 9, 1856)-</subfield></datafield><datafield ind1=" " ind2="0" tag="651"><subfield code="a">Saint Johns (Mich.)</subfield><subfield code="v">Newspapers.</subfield></datafield><datafield ind1=" " ind2="0" tag="651"><subfield code="a">Clinton County (Mich.)</subfield><subfield code="v">Newspapers.</subfield></datafield><datafield ind1=" " ind2="7" tag="655"><subfield code="a">Newspapers.</subfield><subfield code="2">fast</subfield><subfield code="0">(OCoLC)fst01423814</subfield></datafield><datafield ind1=" " ind2="7" tag="651"><subfield code="a">Michigan</subfield><subfield code="z">Clinton County.</subfield><subfield code="2">fast</subfield><subfield code="0">(OCoLC)fst01214774</subfield></datafield><datafield ind1=" " ind2="7" tag="651"><subfield code="a">Michigan</subfield><subfield code="z">Saint Johns.</subfield><subfield code="2">fast</subfield><subfield code="0">(OCoLC)fst01219748</subfield></datafield><datafield ind1=" " ind2=" " tag="752"><subfield code="a">United States</subfield><subfield code="b">Michigan</subfield><subfield code="c">Clinton</subfield><subfield code="d">Saint Johns.</subfield></datafield><datafield ind1="0" ind2="0" tag="780"><subfield code="t">Clinton express</subfield><subfield code="w">(DLC)sn 83016292</subfield><subfield code="w">(OCoLC)9671116</subfield></datafield></record>